@article {NCD,
author  = "R. Cilibrasi and P.M.B. Vitanyi",
title   = "Clustering by compression",
journal = "IEEE Trans. Inf. Theory 51",
year    = "2005",
pages   = "1523--1545"
}
@misc {Corel,
author = "Corel Corp.",
title  = "Corel stock photo library",
note   = "Ontario, Canada"
}
@misc {Caltech101,
author = "L. Fei-Fei, R. Fergus and P. Perona.",
title = "Caltech 101",
url = {https://www.vision.caltech.edu/Image_Datasets/Caltech101/}
}
@article{Li2004,
author = {Li, M. and Chen, X. and Li, X. and Ma, B. and Vitanyi, P.M.B.},
doi = {10.1109/TIT.2004.838101},
issn = {0018-9448},
journal = {IEEE Transactions on Information Theory},
month = dec,
number = {12},
pages = {3250--3264},
title = {{The Similarity Metric}},
url = {http://ieeexplore.ieee.org/lpdocs/epic03/wrapper.htm?arnumber=1362909},
volume = {50},
year = {2004}
}
@article{PRDC,
author = {Watanabe, T. and Sugawara, K. and Sugihara, H.},
doi = {10.1109/34.1000234},
file = {:C$\backslash$:/Users/ynakajima/AppData/Local/Mendeley Ltd./Mendeley Desktop/Downloaded/Watanabe, Sugawara, Sugihara - 2002 - A new pattern representation scheme using data compression.pdf:pdf},
issn = {01628828},
journal = {IEEE Transactions on Pattern Analysis and Machine Intelligence},
month = may,
number = {5},
pages = {579--590},
title = {{A new pattern representation scheme using data compression}},
url = {http://ieeexplore.ieee.org/lpdocs/epic03/wrapper.htm?arnumber=1000234},
volume = {24},
year = {2002}
}
@article{NuoZhang,
  author    = {Zhang, N. and Watanabe, T.},
  title     = {Topic Extraction for Documents Based on Compressibility Vector},
  journal   = {{IEICE} Transactions},
  volume    = {95-D},
  number    = {10},
  pages     = {2438--2446},
  year      = {2012},
  url       = {http://search.ieice.org/bin/summary.php?id=e95-d_10_2438},
  timestamp = {Mon, 26 Nov 2012 19:24:32 +0100},
  biburl    = {http://dblp.uni-trier.de/rec/bib/journals/ieicet/ZhangW12a},
  bibsource = {dblp computer science bibliography, http://dblp.org}
}
@article{NDD,
 author = {Macedonas, A. and Besiris, D. and Economou, G. and Fotopoulos, S.},
 title = {Dictionary Based Color Image Retrieval},
 journal = {Journal of Visual Communication and Image Representation },
 issue_date = {October, 2008},
 volume = {19},
 number = {7},
 month = oct,
 year = {2008},
 issn = {1047-3203},
 pages = {464--470},
 numpages = {7},
 url = {http://dx.doi.org/10.1016/j.jvcir.2008.06.006},
 doi = {10.1016/j.jvcir.2008.06.006},
 acmid = {1412870},
 publisher = {Academic Press, Inc.},
 address = {Orlando, FL, USA},
 keywords = {Color image retrieval, Data compression, Dictionary, Earth Movers Distance, Histogram Intersection, Information theory, Kolmogorov complexity, Sequence analysis, Similarity metric, Wald-Wolfowitz Test},
}
@article{NMD,
title = "Dictionary-based color image retrieval using multiset theory ",
journal = "Journal of Visual Communication and Image Representation ",
volume = "24",
number = "7",
pages = "1155 - 1167",
year = "2013",
note = "",
issn = "1047-3203",
doi = "http://dx.doi.org/10.1016/j.jvcir.2013.07.009",
url = "http://www.sciencedirect.com/science/article/pii/S1047320313001417",
author = "D. Besiris and E. Zigouris",
keywords = "Color image retrieval",
keywords = "Data compression",
keywords = "Dictionary",
keywords = "Kolmogorov complexity",
keywords = "Multiset theory",
keywords = "Similarity metric",
keywords = "Normalized Multiset Distance",
keywords = "Image compression ",
abstract = "Abstract Dictionaries have recently attracted a great deal of interest as a new powerful representation scheme that can describe the visual content of an image. Most existing approaches nevertheless, neglect dictionary statistics. In this work, we explore the linguistic and statistical properties of dictionaries in an image retrieval task, representing the dictionary as a multiset. This is extracted by means of the \{LZW\} data compressor which encodes the visual patterns of an image. For this reason the image is first quantized and then transformed into a 1D string of characters. Based on the multiset notion we also introduce the Normalized Multiset Distance (NMD), as a new dictionary-based dissimilarity measure which enables the user to retrieve images with similar content to a given query. Experimental results demonstrate a significant improvement in retrieval performance compared to related dictionary-based techniques or to several other image indexing methods that utilize classical low-level image features. "
}




@article{Watanabe2002,
author = {Watanabe, T. and Sugawara, K. and Sugihara, H.},
doi = {10.1109/34.1000234},
file = {:C$\backslash$:/Users/ynakajima/AppData/Local/Mendeley Ltd./Mendeley Desktop/Downloaded/Watanabe, Sugawara, Sugihara - 2002 - A new pattern representation scheme using data compression.pdf:pdf},
issn = {01628828},
journal = {IEEE Transactions on Pattern Analysis and Machine Intelligence},
month = may,
number = {5},
pages = {579--590},
title = {{A new pattern representation scheme using data compression}},
url = {http://ieeexplore.ieee.org/lpdocs/epic03/wrapper.htm?arnumber=1000234},
volume = {24},
year = {2002}
}
@inproceedings{Lazebnik,
author = {Lazebnik, S. and Schmid, C. and Ponce, J.},
booktitle = {2006 IEEE Computer Society Conference on Computer Vision and Pattern Recognition - Volume 2 (CVPR'06)},
doi = {10.1109/CVPR.2006.68},
file = {:C$\backslash$:/Users/ynakajima/AppData/Local/Mendeley Ltd./Mendeley Desktop/Downloaded/Lazebnik, Schmid, Ponce - Unknown - Beyond Bags of Features Spatial Pyramid Matching for Recognizing Natural Scene Categories.pdf:pdf},
isbn = {0-7695-2597-0},
pages = {2169--2178},
publisher = {IEEE},
title = {{Beyond Bags of Features: Spatial Pyramid Matching for Recognizing Natural Scene Categories}},
url = {http://ieeexplore.ieee.org/lpdocs/epic03/wrapper.htm?arnumber=1641019},
volume = {2}
}
@article{Cerra2013,
abstract = {Recent years have witnessed an increased interest towards compression-based methods and their applications to remote sensing, as these have a data-driven and parameter-free approach and can be thus succesfully employed in several applications, especially in image information mining. This paper expands the algorithmic information theory frame, on which these methods are based. On the one hand, algorithms originally defined in the pattern matching domain are reformulated, allowing a better understanding of the available compression-based tools for remote sensing applications. On the other hand, the use of existing compression algorithms is proposed to store satellite images with added semantic value.},
author = {Cerra, Daniele and Datcu, Mihai},
doi = {10.3390/e15010407},
file = {:C$\backslash$:/Users/ynakajima/AppData/Local/Mendeley Ltd./Mendeley Desktop/Downloaded/Cerra, Datcu - 2013 - Expanding the Algorithmic Information Theory Frame for Applications to Earth Observation.pdf:pdf},
keywords = {algorithmic information theory,data compression,remote sensing},
pages = {407--415},
title = {{Expanding the Algorithmic Information Theory Frame  for Applications to Earth Observation}},
year = {2013}
}
@article{Blaschke2010,
author = {Blaschke, T},
doi = {http://dx.doi.org/10.1016/j.isprsjprs.2009.06.004},
file = {:C$\backslash$:/Users/ynakajima/AppData/Local/Mendeley Ltd./Mendeley Desktop/Downloaded/Blaschke - 2010 - Object based image analysis for remote sensing.pdf:pdf},
journal = {ISPRS journal of photogrammetry and remote sensing},
title = {{Object based image analysis for remote sensing}},
url = {http://www.sciencedirect.com/science/article/pii/S0924271609000884},
year = {2010}
}
@inproceedings{Melville2013,
address = {New York, New York, USA},
author = {Melville, Prem and Chenthamarakshan, Vijil and Lawrence, Richard D. and Powell, James and Mugisha, Moses and Sapra, Sharad and Anandan, Rajesh and Assefa, Solomon},
booktitle = {Proceedings of the 19th ACM SIGKDD international conference on Knowledge discovery and data mining - KDD '13},
doi = {10.1145/2487575.2488216},
file = {:C$\backslash$:/Users/ynakajima/AppData/Local/Mendeley Ltd./Mendeley Desktop/Downloaded/Melville et al. - 2013 - Amplifying the voice of youth in Africa via text analytics.pdf:pdf},
isbn = {9781450321747},
pages = {1204},
publisher = {ACM Press},
title = {{Amplifying the voice of youth in Africa via text analytics}},
url = {http://dl.acm.org/citation.cfm?doid=2487575.2488216},
year = {2013}
}
@article{Li2004,
author = {Li, M. and Chen, X. and Li, X. and Ma, B. and Vitanyi, P.M.B.},
doi = {10.1109/TIT.2004.838101},
file = {:C$\backslash$:/Users/ynakajima/AppData/Local/Mendeley Ltd./Mendeley Desktop/Downloaded/Li et al. - 2004 - The Similarity Metric.pdf:pdf},
issn = {0018-9448},
journal = {IEEE Transactions on Information Theory},
month = dec,
number = {12},
pages = {3250--3264},
title = {{The Similarity Metric}},
url = {http://ieeexplore.ieee.org/lpdocs/epic03/wrapper.htm?arnumber=1362909},
volume = {50},
year = {2004}
}
@article{Risojevic2011,
author = {Risojevi\'{c}, V and Momi\'{c}, S and Babi\'{c}, Z},
file = {:C$\backslash$:/Users/ynakajima/AppData/Local/Mendeley Ltd./Mendeley Desktop/Downloaded/Risojevi\'{c}, Momi\'{c}, Babi\'{c} - 2011 - Gabor descriptors for aerial image classification.pdf:pdf},
journal = {Adaptive and Natural Computing \ldots},
title = {{Gabor descriptors for aerial image classification}},
url = {http://link.springer.com/chapter/10.1007/978-3-642-20267-4\_6},
year = {2011}
}
@article{Kluckner2010,
author = {Kluckner, S and Mauthner, T and Roth, PM and Bischof, H},
file = {:C$\backslash$:/Users/ynakajima/AppData/Local/Mendeley Ltd./Mendeley Desktop/Downloaded/Kluckner et al. - 2010 - Semantic classification in aerial imagery by integrating appearance and height information.pdf:pdf},
journal = {Computer Vision??ACCV \ldots},
title = {{Semantic classification in aerial imagery by integrating appearance and height information}},
url = {http://link.springer.com/chapter/10.1007/978-3-642-12304-7\_45},
year = {2010}
}
@inproceedings{Ling2007,
author = {Ling, Haibin and Soatto, Stefano},
booktitle = {2007 IEEE 11th International Conference on Computer Vision},
doi = {10.1109/ICCV.2007.4408859},
file = {:C$\backslash$:/Users/ynakajima/AppData/Local/Mendeley Ltd./Mendeley Desktop/Downloaded/Ling, Soatto - 2007 - Proximity Distribution Kernels for Geometric Context in Category Recognition.pdf:pdf},
isbn = {978-1-4244-1630-1},
pages = {1--8},
publisher = {IEEE},
title = {{Proximity Distribution Kernels for Geometric Context in Category Recognition}},
url = {http://ieeexplore.ieee.org/lpdocs/epic03/wrapper.htm?arnumber=4408859},
year = {2007}
}
@article{Macedonas2008,
author = {Macedonas, A and Besiris, D and Economou, G. and Fotopoulos, S.},
doi = {10.1016/j.jvcir.2008.06.006},
file = {:/172.21.65.111/public/2014å¹´åº¦ ??æ¥??å®?/nakajima/??ç©?????J2.pdf:pdf},
issn = {10473203},
journal = {Journal of Visual Communication and Image Representation},
month = oct,
number = {7},
pages = {464--470},
title = {{Dictionary based color image retrieval}},
url = {http://www.sciencedirect.com/science/article/pii/S1047320308000503 http://linkinghub.elsevier.com/retrieve/pii/S1047320308000503},
volume = {19},
year = {2008}
}
@article{Welch1984,
author = {Welch, Terry A.},
doi = {10.1109/MC.1984.1659158},
file = {:C$\backslash$:/Users/ynakajima/AppData/Local/Mendeley Ltd./Mendeley Desktop/Downloaded/Unknown - 1984 - A Technique for High-Performance Data Compression.pdf:pdf},
issn = {0018-9162},
journal = {Computer},
month = jun,
number = {6},
pages = {8--19},
title = {{A Technique for High-Performance Data Compression}},
url = {http://ieeexplore.ieee.org/lpdocs/epic03/wrapper.htm?arnumber=1659158},
volume = {17},
year = {1984}
}
@inproceedings{Newsam2011,
author = {Newsam, Shawn},
booktitle = {Computer Vision (ICCV), 2011 IEEE International Conference on},
doi = {10.1109/ICCV.2011.6126403},
file = {:C$\backslash$:/Users/ynakajima/AppData/Local/Mendeley Ltd./Mendeley Desktop/Downloaded/Newsam - 2011 - Spatial pyramid co-occurrence for image classification.pdf:pdf},
isbn = {978-1-4577-1102-2},
month = nov,
pages = {1465--1472},
publisher = {IEEE},
title = {{Spatial pyramid co-occurrence for image classification}},
url = {http://ieeexplore.ieee.org/xpls/abs\_all.jsp?arnumber=6126403 http://ieeexplore.ieee.org/lpdocs/epic03/wrapper.htm?arnumber=6126403},
year = {2011}
}
@article{Lowe2004,
author = {Lowe, David G.},
doi = {10.1023/B:VISI.0000029664.99615.94},
file = {:C$\backslash$:/Users/ynakajima/Dropbox/IS/nakajima/????ijcv04.pdf:pdf},
issn = {0920-5691},
journal = {International Journal of Computer Vision},
month = nov,
number = {2},
pages = {91--110},
title = {{Distinctive Image Features from Scale-Invariant Keypoints}},
url = {http://link.springer.com/10.1023/B:VISI.0000029664.99615.94},
volume = {60},
year = {2004}
}
@inproceedings{Grauman2005,
author = {Grauman, K. and Darrell, T.},
booktitle = {Tenth IEEE International Conference on Computer Vision (ICCV'05) Volume 1},
doi = {10.1109/ICCV.2005.239},
file = {:C$\backslash$:/Users/ynakajima/AppData/Local/Mendeley Ltd./Mendeley Desktop/Downloaded/Grauman, Darrell - 2005 - The pyramid match kernel discriminative classification with sets of image features.pdf:pdf},
isbn = {0-7695-2334-X},
pages = {1458--1465 Vol. 2},
publisher = {IEEE},
title = {{The pyramid match kernel: discriminative classification with sets of image features}},
url = {http://ieeexplore.ieee.org/lpdocs/epic03/wrapper.htm?arnumber=1544890},
year = {2005}
}
@inproceedings{Sivic2003,
author = {Sivic, J and Zisserman, A},
booktitle = {Proceedings Ninth IEEE International Conference on Computer Vision},
doi = {10.1109/ICCV.2003.1238663},
file = {:C$\backslash$:/Users/ynakajima/AppData/Local/Mendeley Ltd./Mendeley Desktop/Downloaded/Sivic, Zisserman - 2003 - Video Google a text retrieval approach to object matching in videos.pdf:pdf},
isbn = {0-7695-1950-4},
pages = {1470--1477 vol.2},
publisher = {IEEE},
title = {{Video Google: a text retrieval approach to object matching in videos}},
url = {http://ieeexplore.ieee.org/xpls/abs\_all.jsp?arnumber=1238663 http://ieeexplore.ieee.org/lpdocs/epic03/wrapper.htm?arnumber=1238663},
year = {2003}
}
@inproceedings{Daptardar2008,
author = {Daptardar, Ajay H. and Storer, James A.},
booktitle = {Data Compression Conference (dcc 2008)},
doi = {10.1109/DCC.2008.106},
file = {:C$\backslash$:/Users/ynakajima/AppData/Local/Mendeley Ltd./Mendeley Desktop/Downloaded/Daptardar, Storer - 2008 - VQ Based Image Retrieval Using Color and Position Features.pdf:pdf},
isbn = {978-0-7695-3121-2},
issn = {1068-0314},
month = mar,
pages = {432--441},
publisher = {IEEE},
title = {{VQ Based Image Retrieval Using Color and Position Features}},
url = {http://ieeexplore.ieee.org/lpdocs/epic03/wrapper.htm?arnumber=4483321},
year = {2008}
}
@article{Csurka2004,
author = {Csurka, G and Dance, C},
file = {:C$\backslash$:/Users/ynakajima/AppData/Local/Mendeley Ltd./Mendeley Desktop/Downloaded/Csurka, Dance - 2004 - Visual categorization with bags of keypoints.pdf:pdf},
journal = {Workshop on statistical \ldots},
title = {{Visual categorization with bags of keypoints}},
url = {http://217.109.185.161/layout/set/print/content/download/20785/148346/file/2004\_010.pdf},
year = {2004}
}
@inproceedings{Melville2009,
address = {New York, New York, USA},
author = {Melville, Prem and Gryc, Wojciech and Lawrence, Richard D.},
booktitle = {Proceedings of the 15th ACM SIGKDD international conference on Knowledge discovery and data mining - KDD '09},
doi = {10.1145/1557019.1557156},
file = {:C$\backslash$:/Users/ynakajima/AppData/Local/Mendeley Ltd./Mendeley Desktop/Downloaded/Melville, Gryc, Lawrence - 2009 - Sentiment analysis of blogs by combining lexical knowledge with text classification.pdf:pdf},
isbn = {9781605584959},
pages = {1275},
publisher = {ACM Press},
title = {{Sentiment analysis of blogs by combining lexical knowledge with text classification}},
url = {http://dl.acm.org/citation.cfm?id=1557156 http://portal.acm.org/citation.cfm?doid=1557019.1557156},
year = {2009}
}
@article{Haralick1973,
author = {Haralick, Robert M. and Shanmugam, K. and Dinstein, Its'Hak},
doi = {10.1109/TSMC.1973.4309314},
file = {:C$\backslash$:/Users/ynakajima/AppData/Local/Mendeley Ltd./Mendeley Desktop/Downloaded/Haralick, Shanmugam, Dinstein - 1973 - Textural Features for Image Classification.pdf:pdf},
issn = {0018-9472},
journal = {IEEE Transactions on Systems, Man, and Cybernetics},
month = nov,
number = {6},
pages = {610--621},
title = {{Textural Features for Image Classification}},
url = {http://ieeexplore.ieee.org/lpdocs/epic03/wrapper.htm?arnumber=4309314},
volume = {3},
year = {1973}
}
@article{Goh2005,
author = {Goh, L and Kasabov, N},
file = {:C$\backslash$:/Users/ynakajima/AppData/Local/Mendeley Ltd./Mendeley Desktop/Downloaded/Goh, Kasabov - 2005 - An integrated feature selection and classification method to select minimum number of variables on the case study of gene expression data.pdf:pdf},
journal = {Journal of Bioinformatics and Computational \ldots},
title = {{An integrated feature selection and classification method to select minimum number of variables on the case study of gene expression data}},
url = {http://www.worldscientific.com/doi/abs/10.1142/S0219720005001533},
year = {2005}
}
@article{Cerra2012,
author = {Cerra, D and Datcu, M},
doi = {http://dx.doi.org/10.1016/j.jvcir.2011.10.009},
file = {:C$\backslash$:/Users/ynakajima/AppData/Local/Mendeley Ltd./Mendeley Desktop/Downloaded/Cerra, Datcu - 2012 - A fast compression-based similarity measure with applications to content-based image retrieval.pdf:pdf},
journal = {Journal of Visual Communication and Image Representation},
number = {2},
pages = {293--302},
title = {{A fast compression-based similarity measure with applications to content-based image retrieval}},
url = {http://www.sciencedirect.com/science/article/pii/S1047320311001441},
volume = {23},
year = {2012}
}
@inproceedings{,
booktitle = {Proceedings Ninth IEEE International Conference on Computer Vision},
doi = {10.1109/ICCV.2003.1238663},
file = {:C$\backslash$:/Users/ynakajima/AppData/Local/Mendeley Ltd./Mendeley Desktop/Downloaded/Unknown - 2003 - Video Google a text retrieval approach to object matching in videos.pdf:pdf},
isbn = {0-7695-1950-4},
pages = {1470--1477 vol.2},
publisher = {IEEE},
title = {{Video Google: a text retrieval approach to object matching in videos}},
url = {http://ieeexplore.ieee.org/lpdocs/epic03/wrapper.htm?arnumber=1238663},
year = {2003}
}
@article{Cerra2013a,
author = {Cerra, Daniele and Datcu, Mihai},
doi = {10.3390/e15010407},
file = {:C$\backslash$:/Users/ynakajima/AppData/Local/Mendeley Ltd./Mendeley Desktop/Downloaded/Cerra, Datcu - 2013 - Expanding the Algorithmic Information Theory Frame for Applications to Earth Observation.pdf:pdf},
issn = {1099-4300},
journal = {Entropy},
month = jan,
number = {1},
pages = {407--415},
title = {{Expanding the Algorithmic Information Theory Frame for Applications to Earth Observation}},
url = {http://www.mdpi.com/1099-4300/15/1/407/},
volume = {15},
year = {2013}
}
@article{ErchanAptoula2014,
author = {{Erchan Aptoula}},
doi = {10.1109/TGRS.2013.2268736},
file = {:/172.21.65.111/public/2014å¹´åº¦ ??æ¥??å®?/nakajima/??ç©?????06557520.pdf:pdf},
issn = {0196-2892},
journal = {IEEE Transactions on Geoscience and Remote Sensing},
month = may,
number = {5},
pages = {3023--3034},
title = {{Remote Sensing Image Retrieval With Global Morphological Texture Descriptors}},
url = {http://ieeexplore.ieee.org/lpdocs/epic03/wrapper.htm?arnumber=6557520},
volume = {52},
year = {2014}
}
@inproceedings{Nakajima2012,
author = {Nakajima, Masahiro and Watanabe, Toshinori and Koga, Hisashi},
booktitle = {2012 IEEE International Geoscience and Remote Sensing Symposium},
doi = {10.1109/IGARSS.2012.6351716},
file = {:C$\backslash$:/Users/ynakajima/AppData/Local/Mendeley Ltd./Mendeley Desktop/Downloaded/Nakajima, Watanabe, Koga - 2012 - Compression-based semantic-sensitive image segmentation PRDC-SSIS.pdf:pdf},
isbn = {978-1-4673-1159-5},
month = jul,
pages = {4303--4306},
publisher = {IEEE},
title = {{Compression-based semantic-sensitive image segmentation: PRDC-SSIS}},
url = {http://ieeexplore.ieee.org/lpdocs/epic03/wrapper.htm?arnumber=6351716},
year = {2012}
}
@article{Opelt2004,
author = {Opelt, A and Fussenegger, M and Pinz, A and Auer, P},
doi = {10.1007/978-3-540-24671-8\_6},
file = {:C$\backslash$:/Users/ynakajima/AppData/Local/Mendeley Ltd./Mendeley Desktop/Downloaded/Opelt et al. - 2004 - Weak hypotheses and boosting for generic object detection and recognition.pdf:pdf},
journal = {Computer Vision-ECCV 2004},
pages = {71--84},
title = {{Weak hypotheses and boosting for generic object detection and recognition}},
url = {http://link.springer.com/chapter/10.1007/978-3-540-24671-8\_6},
year = {2004}
}
@article{Torralba2003,
author = {Torralba, A and Oliva, A},
file = {:C$\backslash$:/Users/ynakajima/AppData/Local/Mendeley Ltd./Mendeley Desktop/Downloaded/Torralba, Oliva - 2003 - Statistics of natural image categories.pdf:pdf},
journal = {Network: computation in neural \ldots},
title = {{Statistics of natural image categories}},
url = {http://informahealthcare.com/doi/abs/10.1088/0954-898X\_14\_3\_302},
year = {2003}
}
@article{Kolmogorov1968,
author = {Kolmogorov, AN},
file = {:C$\backslash$:/Users/ynakajima/AppData/Local/Mendeley Ltd./Mendeley Desktop/Downloaded/Kolmogorov - 1968 - Three approaches to the quantitative definition of information.pdf:pdf},
journal = {International Journal of Computer Mathematics},
title = {{Three approaches to the quantitative definition of information*}},
url = {http://www.tandfonline.com/doi/abs/10.1080/00207166808803030},
year = {1968}
}
@inproceedings{Gray,
author = {Gray, R.M.},
booktitle = {Data Compression Conference},
doi = {10.1109/DCC.2005.52},
file = {:C$\backslash$:/Users/ynakajima/AppData/Local/Mendeley Ltd./Mendeley Desktop/Downloaded/Gray - Unknown - Minimum Distortion Color Image Retrieval Based on Lloyd-Clustered Gauss Mixtures.pdf:pdf},
isbn = {0-7695-2309-9},
pages = {279--288},
publisher = {IEEE},
title = {{Minimum Distortion Color Image Retrieval Based on Lloyd-Clustered Gauss Mixtures}},
url = {http://ieeexplore.ieee.org/lpdocs/epic03/wrapper.htm?arnumber=1402189}
}
@article{Boiman2008,
author = {Boiman, Oren and Shechtman, Eli and Irani, Michal},
doi = {10.1109/CVPR.2008.4587598},
file = {:C$\backslash$:/Users/ynakajima/AppData/Local/Mendeley Ltd./Mendeley Desktop/Downloaded/Boiman, Shechtman, Irani - 2008 - In defense of Nearest-Neighbor based image classification.pdf:pdf},
isbn = {978-1-4244-2242-5},
journal = {2008 IEEE Conference on Computer Vision and Pattern Recognition},
month = jun,
number = {i},
pages = {1--8},
publisher = {Ieee},
title = {{In defense of Nearest-Neighbor based image classification}},
url = {http://ieeexplore.ieee.org/lpdocs/epic03/wrapper.htm?arnumber=4587598},
year = {2008}
}
@article{Shannon1948,
author = {Shannon, CE and Weaver, W},
file = {:C$\backslash$:/Users/ynakajima/AppData/Local/Mendeley Ltd./Mendeley Desktop/Downloaded/Shannon, Weaver - 1948 - A mathematical theory of communication.pdf:pdf},
journal = {The Bell System Technical Journal},
pages = {379--423},
title = {{A mathematical theory of communication}},
url = {http://circuit.ucsd.edu/~yhk/ece287a-win08/shannon1948.pdf},
volume = {27},
year = {1948}
}
@article{Mortensen2009,
author = {Mortensen, Jonathan and Wu, JJ and Furst, Jacob},
doi = {10.1007/978-3-642-10546-3\_14},
file = {:C$\backslash$:/Users/ynakajima/AppData/Local/Mendeley Ltd./Mendeley Desktop/Downloaded/Mortensen, Wu, Furst - 2009 - Effect of image linearization on normalized compression distance.pdf:pdf},
journal = {Signal Processing, Image \ldots},
keywords = {image similarity,kolmogorov complexity,linearization,normalized compression distance,normalized information distance},
pages = {1--12},
title = {{Effect of image linearization on normalized compression distance}},
url = {http://link.springer.com/chapter/10.1007/978-3-642-10546-3\_14},
year = {2009}
}
@article{Kobayashi2011,
author = {Kobayashi, S. and Watanabe, T. and Koga, H},
journal = {Proc. ESA-EUSC-JRC-2011},
keywords = {image similarity,kolmogorov complexity,linearization,normalized compression distance,normalized information distance},
pages = {33--36},
title = {{Compression-based Dendrogram Aping for Classifier Generation}},
year = {2011}
}
@misc{ucl,
author = {Newsam, Shawn},
Howpublished = {http://vision.ucmerced.edu{\slash}datasets/landuse.html},
Title = {University of California Merced Land Use Dataset}
}
@book{21th,
  title={21À¤µª¤ÎÅý·×²Ê³ØIII:¿ôÍý¡¦·×»»¤ÎÅý·×²Ê³Ø},
  author={ËÌÀî ¸»»ÍÏº and ÃÝÂ¼ ¾´ÄÌ},
  isbn={9784000054553},
  url={http://books.google.co.uk/books?id=51llPQAACAAJ},
  year={2008},
  publisher={ÅìµþÂç³Ø½ÐÈÇ²ñ}
}
@book{dm,
title = {{¥Ç¡¼¥¿¥Þ¥¤¥Ë¥ó¥°¤Î´ðÁÃ}},
author = {¸µÅÄ¡¡¹À and ÄÅËÜ ¼þºî and »³¸ý ¹âÊ¿ and ¾ÂÈø Àµ¹Ô},
isbn = {9784274203480},
series = {IT text ¾ðÊó½èÍý³Ø²ñÊÔ},
year = {2006},
publisher = {¥ª¡¼¥à¼Ò}
}
@article{ojala1996,
  title={A comparative study of texture measures with classification based on featured distributions},
  author={Ojala, Timo and Pietik{\"a}inen, Matti and Harwood, David},
  journal={Pattern recognition},
  volume={29},
  number={1},
  pages={51--59},
  year={1996},
  publisher={Elsevier}
}
@inproceedings{nakajima2012,
  title={{Compression-based semantic-sensitive image segmentation: PRDC-SSIS}},
  author={Nakajima, Masahiro and Watanabe, Toshinori and Koga, Hisashi},
  booktitle={Geoscience and Remote Sensing Symposium (IGARSS), 2012 IEEE International},
  pages={4303--4306},
  year={2012},
  organization={IEEE}
}
@article{lempel1976,
  title={On the complexity of finite sequences},
  author={Lempel, Abraham and Ziv, Jacob},
  journal={Information Theory, IEEE Transactions on},
  volume={22},
  number={1},
  pages={75--81},
  year={1976},
  publisher={IEEE}
}
@article{ziv1977,
  title={A universal algorithm for sequential data compression},
  author={Ziv, Jacob and Lempel, Abraham},
  journal={IEEE Transactions on information theory},
  volume={23},
  number={3},
  pages={337--343},
  year={1977}
}
@article{google,
  title={The google similarity distance},
  author={Cilibrasi, Rudi L and Vitanyi, Paul MB},
  journal={Knowledge and Data Engineering, IEEE Transactions on},
  volume={19},
  number={3},
  pages={370--383},
  year={2007},
  publisher={IEEE}
}
@article{cerra2010,
  title={Algorithmic information theory-based analysis of earth observation images: An assessment},
  author={Cerra, Daniele and Mallet, Alexandre and Gueguen, Lionel and Datcu, Mihai},
  journal={Geoscience and Remote Sensing Letters, IEEE},
  volume={7},
  number={1},
  pages={8--12},
  year={2010},
  publisher={IEEE}
}
@book{li2009,
  title={An introduction to Kolmogorov complexity and its applications},
  author={Li, Ming and Vit{\'a}nyi, Paul MB},
  year={2009},
  publisher={Springer}
}
@article{osamu2006,
  title={計算論から見たランダムネス},
  author={渡辺 治},
  journal={統計数理},
  volume={54},
  number={2},
  pages={511--523},
  year={2006}
}
@book{algo,
  author = "今泉 貴史",
  title = "プログラミングに活かすデータ構造とアルゴリズムの基礎知識",
  year = "2004",
  month = "2004.4",
  key = "プログラミング(コンピュータ)",
  key = "アルゴリズム",
  publisher = "アスキー",
  address = "東京, Japan",
  ISSN/ISBN = "9784756144522 [4756144527]",
}

@misc{UCRArchive,
title={The UCR Time Series Classification Archive},
author={ Chen, Yanping and Keogh, Eamonn and Hu, Bing and Begum, Nurjahan and Bagnall, Anthony and Mueen, Abdullah and Batista, Gustavo},
year={2015},
month={July},
note = {\url{www.cs.ucr.edu/~eamonn/time_series_data/}}
}